@inproceedings{Milli2016BeyondFanfiction,
    title = {{Beyond Canonical Texts: A Computational Analysis of Fanfiction}},
    year = {2016},
    booktitle = {Proceedings of the 2016 Conference on Empirical Methods in Natural Language Processing},
    author = {Milli, Smitha and Bamman, David},
    pages = {2048--2053},
    publisher = {Association for Computational Linguistics},
    address = {Stroudsburg, PA, USA},
    doi = {10.18653/v1/D16-1218}
}

@article{Barnes2015FanfictionFiction,
    title = {{Fanfiction as imaginary play: What fan-written stories can tell us about the cognitive science of fiction}},
    year = {2015},
    journal = {Poetics},
    author = {Barnes, Jennifer L.},
    month = {2},
    pages = {69--82},
    volume = {48},
    doi = {10.1016/j.poetic.2014.12.004},
    issn = {0304422X}
}

@article{Bamman2014ACharacter,
    title = {{A bayesian mixed effects model of literary character}},
    year = {2014},
    journal = {Proceedings of the 52nd Annual Meeting of the Association for Computational Linguistics},
    author = {Bamman, David and Unterwood, Ted and Smith, Noah A.},
    number = {},
    pages = {370--379},
    volume = {1: Long Papers},
    publisher = {Association for Computational Linguistics}
}

@incollection{Malone2010FromEconomically,
    title = {{From BRAVO to Animexx.de to Export: Capitalizing on German Boys' Love Fandom, Culturally, Socially and Economically}},
    year = {2010},
    booktitle = {Boys' Love Manga: Essays on the Sexual Ambiguity and Cross-Cultural Fandom of the Genre},
    author = {Malone, Paul},
    editor = {Levi, Antonia and McHarry, Mark and Pagliassotti, Dru},
    month = {4},
    pages = {23--43},
    publisher = {McFarland {\&} Company, Inc},
    address = {Jefferson}
}

@article{Bretthauer2007AMusic,
    title = {{A Feminist Analysis of Popular Music}},
    year = {2007},
    journal = {Journal of Feminist Family Therapy},
    author = {Bretthauer, Brook and Zimmerman, Toni Schindler and Banning, James H.},
    number = {4},
    month = {2},
    pages = {29--51},
    volume = {18},
    doi = {10.1300/J086v18n04_02},
    issn = {0895-2833}
}

@inproceedings{Yoder2021FanfictionNLP:Fanfiction,
    title = {{FanfictionNLP: A Text Processing Pipeline for Fanfiction}},
    year = {2021},
    booktitle = {Proceedings of the Third Workshop on Narrative Understanding},
    author = {Yoder, Michael and Khosla, Sopan and Shen, Qinlan and Naik, Aakanksha and Jin, Huiming and Muralidharan, Hariharan and Ros{\'{e}}, Carolyn},
    pages = {13--23},
    publisher = {Association for Computational Linguistics},
    address = {Stroudsburg, PA, USA},
    doi = {10.18653/v1/2021.nuse-1.2}
}

@inproceedings{Jung2002QueeringFiction,
    title = {{Queering popular culture: Female spectators and the appeal of writing slash fan fiction}},
    year = {2002},
    booktitle = {Gender Forum},
    author = {Jung, Susanne},
    pages = {30--50},
    volume = {2}
}

@article{Russ1985PornographyLove,
    title = {{Pornography by women for women, with love}},
    year = {1985},
    journal = {Magic mommas, trembling sisters, Puritans and perverts: Feminist essays},
    author = {Russ, Joanna},
    pages = {79--99},
    publisher = {The Crossing Press Trumansburg, NY}
}

@article{Neville2019FewerFilms,
    title = {{Fewer, Younger, but Increasingly Powerful: How Portrayals of Women, Age, and Power Have Changed from 2002 to 2016 in the 50 Top-Grossing U.S. Films}},
    year = {2019},
    journal = {Sex Roles},
    author = {Neville, Conor and Anastasio, Phyllis},
    number = {7-8},
    month = {4},
    pages = {503--514},
    volume = {80},
    doi = {10.1007/s11199-018-0945-1},
    issn = {0360-0025}
}

@article{Collins2011ContentGo,
    title = {{Content Analysis of Gender Roles in Media: Where Are We Now and Where Should We Go?}},
    year = {2011},
    journal = {Sex Roles},
    author = {Collins, Rebecca L.},
    number = {3-4},
    month = {2},
    pages = {290--298},
    volume = {64},
    doi = {10.1007/s11199-010-9929-5},
    issn = {0360-0025}
}

@phdthesis{Ray2020GenderViolence,
    title = {{Gender Portrayal in Marvel Cinematic Universe Films: Gender Representation, Moral Alignment, and Rewards for Violence}},
    year = {2020},
    author = {Ray, Kristen},
    school = {Brigham Young University}
}

@article{Meier2019LIWCDE-LIWC2015,
    title = {{“LIWC auf Deutsch”: The development, psychometrics, and introduction of DE-LIWC2015}},
    year = {2019},
    journal = {PsyArXiv},
    author = {Meier, Tabea and Boyd, Ryan L and Pennebaker, James W and Mehl, Matthias R and Martin, Mike and Wolf, Markus and Horn, Andrea B},
    number = {a},
    publisher = {University of Zurich}
}

@book{StevenBird2009NaturalPython,
    title = {{Natural Language Processing with Python}},
    year = {2009},
    author = {{Steven Bird} and {Ewan Klein} and {Edward Loper}},
    month = {6},
    pages = {},
    volume = {},
    publisher = {O'Reilly Media, Inc.},
    address = {Melbourne {\&} Edinburgh},
    doi = {10.1162/coli_r_00022},
    issn = {0891-2017}
}

@inproceedings{TjongKimSang2003IntroductionRecognition,
    title = {{Introduction to the CoNLL-2003 Shared Task: Language-Independent Named Entity Recognition}},
    year = {2003},
    booktitle = {Proceedings of the Seventh Conference on Natural Language Learning at HLT-NAACL 2003},
    author = {Tjong Kim Sang, Erik F and De Meulder, Fien},
    month = {6},
    pages = {142--147},
    url = {https://aclanthology.org/W03-0419}
}

@inproceedings{Akbik2019FLAIR:NLP,
    title = {{FLAIR: An Easy-to-Use Framework for State-of-the-Art NLP}},
    year = {2019},
    booktitle = {Proceedings of the 2019 Conference of the North},
    author = {Akbik, Alan and Bergmann, Tanja and Blythe, Duncan and Rasul, Kashif and Schweter, Stefan and Vollgraf, Roland},
    month = {6},
    pages = {54--59},
    publisher = {Association for Computational Linguistics},
    address = {Minneapolis, Minnesota, USA},
    doi = {10.18653/v1/N19-4010}
}

@inproceedings{Levenshtein1966BinaryReversals,
    title = {{Binary codes capable of correcting deletions, insertions, and reversals}},
    year = {1966},
    booktitle = {Soviet physics doklady},
    author = {Levenshtein, Vladimir I},
    number = {8},
    month = {2},
    pages = {707--710},
    volume = {10}
}

@misc{MongoDBAggregationPipeline,
    title = {{Aggregation Pipeline}},
    booktitle = {MongoDB Documentation},
    author = {{MongoDB}},
    url = {https://www.mongodb.com/docs/manual/core/aggregation-pipeline/},
    urldate={01.11.2022}
}

@misc{McCallum2022HistoricalStorage,
    title = {{Historical Cost of Computer Memory and Storage}},
    year = {2022},
    booktitle = {Global Change Data Lab},
    author = {McCallum, John C.},
    url = {https://ourworldindata.org/grapher/historical-cost-of-computer-memory-and-storage?country=~OWID_WRL},
    urldate={01.11.2022}
}

@misc{MongoDBAdvantagesMongoDB,
    title = {{Advantages of MongoDB}},
    author = {{MongoDB}},
    url = {https://www.mongodb.com/advantages-of-mongodb},
    urldate={01.11.2022}
}

@misc{Chapple2022TheNormalization,
    title = {{The Basics of Database Normalization}},
    year = {2022},
    booktitle = {Lifewire},
    author = {Chapple, Mike},
    month = {2},
    url = {https://www.lifewire.com/database-normalization-basics-1019735},
    urldate={01.11.2022}
}

@misc{Bruce2021UnderstandingMongoDB,
    title = {{Understanding the Pros and Cons of MongoDB}},
    year = {2021},
    booktitle = {KnowledgeNile},
    author = {Bruce, Debra},
    month = {4},
    url = {https://www.knowledgenile.com/blogs/pros-and-cons-of-mongodb/},
    urldate={01.11.2022}
}

@misc{Kenny2022WebCrawling,
    title = {{Web Scraping vs Web Crawling}},
    year = {2022},
    booktitle = {Zyte (formerly Scrapinghub) {\#}1 Web Scraping Service},
    author = {Kenny, Colm},
    month = {7},
    day = {26},
    url = {https://www.zyte.com/learn/difference-between-web-scraping-and-web-crawling/},
    urldate={01.11.2022}
}

@inproceedings{Fast2016ShirtlessCommunity,
    title = {{Shirtless and Dangerous: Quantifying Linguistic Signals of Gender Bias in an Online Fiction Writing Community}},
    year = {2016},
    booktitle = {Tenth International AAAI Conference on Web and Social Media},
    author = {Fast, Ethan and Vachovsky, Tina and Bernstein, Michael S.},
    month = {3},
    url = {www.aaai.org},
    arxivId = {1603.08832v1}
}

@article{Soulliere2006WrestlingWWE,
    title = {{Wrestling with Masculinity: Messages about Manhood in the WWE}},
    year = {2006},
    journal = {Sex Roles},
    author = {Soulliere, Danielle M.},
    number = {1-2},
    month = {7},
    pages = {1--11},
    volume = {55},
    doi = {10.1007/s11199-006-9055-6},
    issn = {0360-0025}
}

@article{Lauzen2008ConstructingTelevision,
    title = {{Constructing Gender Stereotypes Through Social Roles in Prime-Time Television}},
    year = {2008},
    journal = {Journal of Broadcasting {\&} Electronic Media},
    author = {Lauzen, Martha M. and Dozier, David M. and Horan, Nora},
    number = {2},
    month = {5},
    pages = {200--214},
    volume = {52},
    doi = {10.1080/08838150801991971},
    issn = {0883-8151}
}

@article{Emons2010HeTelevision,
    title = {{“He Works Outside the Home; She Drinks Coffee and Does the Dishes” Gender Roles in Fiction Programs on Dutch Television}},
    year = {2010},
    journal = {Journal of Broadcasting {\&} Electronic Media},
    author = {Emons, Pascale and Wester, Fred and Scheepers, Peer},
    number = {1},
    month = {3},
    pages = {40--53},
    volume = {54},
    doi = {10.1080/08838150903550386},
    issn = {0883-8151}
}

@article{Gooden2001Gender19951999,
    title = {{Gender Representation in Notable Children's Picture Books: 1995–1999}},
    year = {2001},
    journal = {Sex Roles},
    author = {Gooden, Angela M. and Gooden, Mark A.},
    number = {1/2},
    pages = {89--101},
    volume = {45},
    doi = {10.1023/A:1013064418674},
    issn = {03600025}
}

@article{Towbin2004ImagesAnimatedFilms,
    title = {{Images of Gender, Race, Age, and Sexual Orientation in Disney Feature-Length AnimatedFilms}},
    year = {2004},
    journal = {Journal of Feminist Family Therapy},
    author = {Towbin, Mia Adessa and Haddock, Shelley A. and Zimmerman, Toni Schindler and Lund, Lori K. and Tanner, Litsa Renee},
    number = {4},
    month = {6},
    pages = {19--44},
    volume = {15},
    doi = {10.1300/J086v15n04_02},
    issn = {0895-2833}
}

@inproceedings{Garcia2014GenderMedia,
    title = {{Gender asymmetries in reality and fiction: The bechdel test of social media}},
    year = {2014},
    booktitle = {Eighth International AAAI Conference on Weblogs and Social Media},
    author = {Garcia, David and Weber, Ingmar and Garimella, Venkata Rama Kiran}
}

@inproceedings{Jia2015MeasuringImages,
    title = {{Measuring Gender Bias in News Images}},
    year = {2015},
    booktitle = {Proceedings of the 24th International Conference on World Wide Web},
    author = {Jia, Sen and Lansdall-Welfare, Thomas and Cristianini, Nello},
    month = {5},
    pages = {893--898},
    publisher = {ACM},
    address = {New York, NY, USA},
    isbn = {9781450334730},
    doi = {10.1145/2740908.2742007}
}

@inproceedings{Bergstrom2012WhatsIt,
    title = {{What's 'choice' got to do with it?}},
    year = {2012},
    booktitle = {Proceedings of the International Conference on the Foundations of Digital Games - FDG '12},
    author = {Bergstrom, Kelly and Jenson, Jennifer and de Castell, Suzanne},
    pages = {97},
    publisher = {ACM Press},
    address = {New York, New York, USA},
    isbn = {9781450313339},
    doi = {10.1145/2282338.2282360}
}

@inproceedings{Schmidt2022AnalyzingOwn,
    title = {{Analyzing Character Networks in Crossover Fan Fictions of Archive of Our Own}},
    year = {2022},
    booktitle = {Workshop on Computational Methods in the Humanities 2022 (COMHUM 2022)},
    author = {Schmidt, Thomas and Hoffmann, Johannes and Wolff, Christian},
    month = {6},
    address = {Lausanne, Switzerland}
}

@article{Duggan2017RevisingFanfiction,
    title = {{Revising Hegemonic Masculinity: Homosexuality, Masculinity, and Youth-Authored Harry Potter Fanfiction}},
    year = {2017},
    journal = {Bookbird: A Journal of International Children's Literature},
    author = {Duggan, Jennifer},
    number = {2},
    pages = {38--45},
    volume = {55},
    doi = {10.1353/bkb.2017.0022},
    issn = {1918-6983}
}

@inproceedings{Kleindienst2020InvestigatingSupernatural,
    title = {{Investigating the Transformation of Original Work by the Online Fan Fiction Community: A Case Study for Supernatural}},
    year = {2020},
    booktitle = {Digital Practices. Reading, Writing and Evaluation on the Web},
    author = {Kleindienst, Nina and Schmidt, Thomas},
    month = {11},
    pages = {},
    address = {Basel, Switzerland},
    doi = {10.5283/epub.50828}
}

@article{Tosenberger2008HomosexualityFanfiction,
    title = {{Homosexuality at the Online Hogwarts: Harry Potter Slash Fanfiction}},
    year = {2008},
    journal = {Children's Literature},
    author = {Tosenberger, Catherine},
    number = {},
    pages = {185--207},
    volume = {36},
    publisher = {MUSE},
    url = {http://resolver.scholarsportal.info/resolve/00928208/v36inone/185_hatohhpsf},
    issn = {0092-8208},
    keywords = {Fan fiction -- History and criticism, Rowling, J. K. -- Adaptations}
}

@inproceedings{Liu2019DENS:Analysis,
    title = {{DENS: A Dataset for Multi-class Emotion Analysis}},
    year = {2019},
    booktitle = {Proceedings of the 2019 Conference on Empirical Methods in Natural Language Processing and the 9th International Joint Conference on Natural Language Processing (EMNLP-IJCNLP)},
    author = {Liu, Chen and Osama, Muhammad and de Andrade, Anderson},
    month = {11},
    pages = {6293--6298},
    address = {Hong Kong, China},
    doi = {10.48550/arXiv.1910.11769},
    arxivId = {1910.11769}
}

@article{Zhang2019GeneratingFiction,
    title = {{Generating Character Descriptions for Automatic Summarization of Fiction}},
    year = {2019},
    journal = {Proceedings of the AAAI Conference on Artificial Intelligence},
    author = {Zhang, Weiwei and Kit Cheung, Jackie Chi and Oren, Joel},
    month = {7},
    pages = {7476--7483},
    volume = {33},
    doi = {10.1609/aaai.v33i01.33017476},
    issn = {2374-3468}
}

@inproceedings{Vilares2019HarryLanguage,
    title = {{Harry Potter and the Action Prediction Challenge from Natural Language}},
    year = {2019},
    booktitle = {Proceedings of the 2019 Conference of the North American Chapter of the Association for Computational Linguistics: Human Language Technologies, Volume 1 (Long and Short Papers)},
    author = {Vilares, David and G{\'{o}}mez-Rodr{\'{i}}guez, Carlos},
    month = {6},
    pages = {2124--2130},
    publisher = {Association for Computational Linguistics},
    address = {Minneapolis, Minnesota},
    doi = {10.18653/v1/N19-1218}
}

@inproceedings{Muttenthaler2019AuthorshipN-grams,
    title = {{Authorship Attribution in Fan-fictional Texts given Variable Length Character and Word n-grams}},
    year = {2019},
    booktitle = {CLEF},
    author = {Muttenthaler, Lukas and Lucas, Gordon and Amann, Janek}
}

@inproceedings{Schmidt2021TowardsOwn,
    title = {{Towards the Analysis of Fan Fictions in German Language: Exploration of a Corpus from the Platform Archive of Our Own}},
    year = {2021},
    booktitle = {2nd International Conference of the European Association for Digital Humanities (EADH 2021)},
    author = {Schmidt, Thomas and Gr{\"{u}}nler, Johanna and Sch{\"{o}}nwerth, Nicole and Wolff, Christian},
    month = {9},
    pages = {},
    doi = {10.5283/epub.50829}
}

@article{Duggan2022Worlds...ofFiction,
    title = {{“Worlds...[of] Contingent Possibilities”: Genderqueer and Trans Adolescents Reading Fan Fiction}},
    year = {2022},
    journal = {Television {\&} New Media},
    author = {Duggan, Jennifer},
    number = {7},
    month = {11},
    pages = {703--720},
    volume = {23},
    doi = {10.1177/15274764211016305},
    issn = {1527-4764}
}

@article{Stanfill2011DoingFandom,
    title = {{Doing fandom, (mis)doing whiteness: Heteronormativity, racialization, and the discursive construction of fandom}},
    year = {2011},
    journal = {Transformative Works and Cultures},
    author = {Stanfill, Mel},
    month = {11},
    volume = {8},
    doi = {10.3983/twc.2011.0256},
    issn = {1941-2258}
}

@article{Lothian2007YearningSpace,
    title = {{“Yearning Void and Infinite Potential”: Online Slash Fandom as Queer Female Space}},
    year = {2007},
    journal = {English Language Notes},
    author = {Lothian, Alexis and Busse, Kristina and Reid, Robin Anne},
    number = {2},
    month = {9},
    pages = {103--111},
    volume = {45},
    doi = {10.1215/00138282-45.2.103},
    issn = {0013-8282}
}

@incollection{Scott2013TextualScott,
    title = {{Textual Poachers, Twenty Years Later: A Conversation between Henry Jenkins and Suzanne Scott}},
    year = {2013},
    booktitle = {Textual Poachers},
    author = {Scott, Suzanne},
    editor = {Jenkins, Henry},
    edition = {2nd},
    pages = {vii-vii},
    publisher = {Routledge},
    address = {London},
    isbn = {9780203114339},
    doi = {10.4324/9780203114339}
}

@incollection{HelleksonBusse2006,
    title = {{Introduction: Work in Progress}},
    year = {2006},
    booktitle = {Fan Fiction and Fan Communities in the Age of the Internet},
    author = {Hellekson, Karen and Busse, Kristina},
    editor = {Hellekson, Karen and Busse, Kristina},
    pages = {5--32},
    publisher = {McFarland {\&} Company, Inc.},
    address = {Jefferson}
}

@incollection{Busse2017ACultures,
    title = {{A history of slash sexualities: Debating queer sex, gay politics and media fan cultures}},
    year = {2017},
    booktitle = {The Routledge Companion to Media, Sex and Sexuality},
    author = {Busse, Kristina and Lothian, Alexis},
    month = {8},
    pages = {117--129},
    publisher = {Routledge},
    isbn = {9781315168302},
    doi = {10.4324/9781315168302-12}
}

@article{Duggan2020WhoAO3,
    title = {{Who writes Harry Potter fan fiction? Passionate detachment, "zooming out," and fan fiction paratexts on AO3}},
    year = {2020},
    journal = {Transformative Works and Cultures},
    author = {Duggan, Jennifer},
    month = {9},
    volume = {34},
    doi = {10.3983/twc.2020.1863},
    issn = {1941-2258}
}

@incollection{Odin2008TownsIdentity,
    title = {{Towns in Search of Identity}},
    year = {2008},
    booktitle = {We Europeans?: Media, Representations, Identities },
    author = {Odin, Roger},
    edition = {1st Edition},
    pages = {43--57},
    publisher = {Intellect Books},
    address = {Bristol}
}

@book{Petzel2002DasAbenteuer-Mythos,
    title = {{Das neue Lexikon rund um Karl May - Leben, B{\"{u}}cher, Filme, Fans. Von der W{\"{u}}ste zum Silbersee: Der gro{\ss}e deutsche Abenteuer-Mythos}},
    year = {2002},
    author = {Petzel, Michael and Wehnert, Jürgen},
    publisher = {Schwarzkopf {\&} Schwarzkopf},
    address = {Berlin}
}

@article{Cuntz-Leng2015AGermany,
    title = {{A brief history of fan fiction in Germany}},
    year = {2015},
    journal = {Transformative Works and Cultures},
    author = {Cuntz-Leng, Vera and Meintzinger, Jacqueline},
    month = {6},
    volume = {19},
    doi = {10.3983/twc.2015.0630},
    issn = {1941-2258}
}

@article{Blei2003LatentAllocation,
    title = {{Latent Dirichlet Allocation}},
    year = {2003},
    journal = {Journal of Machine Learning Research},
    author = {Blei, David M and Ng, Andrew Y and Jordan, Michael I.},
    pages = {993--1022},
    volume = {3}
}

@article{Busse2009InIntroduction,
    title = {{In focus: Fandom and feminism: Gender and the politics of fan production: Introduction}},
    year = {2009},
    journal = {Cinema Journal},
    author = {Busse, Kristina},
    number = {4},
    pages = {104--108},
    volume = {48}
}

@article{Leow2011SubvertingFiction,
    title = {{Subverting the canon in feminist fan fiction}},
    year = {2011},
    journal = {Transformative Works and Cultures},
    author = {Leow, Hui Min Annabeth},
    month = {9},
    volume = {7},
    doi = {10.3983/twc.2011.0286},
    issn = {1941-2258}
}

@article{Scodari2000CreatingOnline,
    title = {{Creating a pocket universe: “Shippers,” fan fiction, and the X-Files online}},
    year = {2000},
    journal = {Communication Studies},
    author = {Scodari, Christine and Felder, Jenna L.},
    number = {3},
    month = {9},
    pages = {238--257},
    volume = {51},
    doi = {10.1080/10510970009388522},
    issn = {1051-0974}
}

@incollection{Handley2012DistressingFanfiction,
    title = {{“Distressing damsels”: Narrative critique and reinterpretation in Star Wars fanfiction}},
    year = {2012},
    booktitle = {Fan Culture: Theory/Practice},
    author = {Handley, Christine},
    pages = {97--118},
    publisher = {Newcastle upon Tyne: Cambridge Scholars Publishing}
}
